@book{Bringhurst2005,
  author    = {Robert Bringhurst},
  edition   = {3.1},
  isbn      = {0-88179-205-5},
  publisher = {Hartley \& Marks},
  title     = {The Elements of Typography},
  year      = {2005}
}
@misc{brown2020languagemodelsfewshotlearners,
  archiveprefix = {arXiv},
  author        = {Tom B. Brown and Benjamin Mann and Nick Ryder and Melanie Subbiah and Jared Kaplan and Prafulla Dhariwal and Arvind Neelakantan and Pranav Shyam and Girish Sastry and Amanda Askell and Sandhini Agarwal and Ariel Herbert-Voss and Gretchen Krueger and Tom Henighan and Rewon Child and Aditya Ramesh and Daniel M. Ziegler and Jeffrey Wu and Clemens Winter and Christopher Hesse and Mark Chen and Eric Sigler and Mateusz Litwin and Scott Gray and Benjamin Chess and Jack Clark and Christopher Berner and Sam McCandlish and Alec Radford and Ilya Sutskever and Dario Amodei},
  eprint        = {2005.14165},
  primaryclass  = {cs.CL},
  title         = {Language Models are Few-Shot Learners},
  url           = {https://arxiv.org/abs/2005.14165},
  year          = {2020}
}


@misc{chang2024partnrbenchmarkplanningreasoning,
  archiveprefix = {arXiv},
  author        = {Matthew Chang and Gunjan Chhablani and Alexander Clegg and Mikael Dallaire Cote and Ruta Desai and Michal Hlavac and Vladimir Karashchuk and Jacob Krantz and Roozbeh Mottaghi and Priyam Parashar and Siddharth Patki and Ishita Prasad and Xavier Puig and Akshara Rai and Ram Ramrakhya and Daniel Tran and Joanne Truong and John M. Turner and Eric Undersander and Tsung-Yen Yang},
  eprint        = {2411.00081},
  primaryclass  = {cs.RO},
  title         = {PARTNR: A Benchmark for Planning and Reasoning in Embodied Multi-agent Tasks},
  url           = {https://arxiv.org/abs/2411.00081},
  year          = {2024}
}


@misc{dai2024deepseekmoeultimateexpertspecialization,
  archiveprefix = {arXiv},
  author        = {Damai Dai and Chengqi Deng and Chenggang Zhao and R. X. Xu and Huazuo Gao and Deli Chen and Jiashi Li and Wangding Zeng and Xingkai Yu and Y. Wu and Zhenda Xie and Y. K. Li and Panpan Huang and Fuli Luo and Chong Ruan and Zhifang Sui and Wenfeng Liang},
  eprint        = {2401.06066},
  primaryclass  = {cs.CL},
  title         = {DeepSeekMoE: Towards Ultimate Expert Specialization in Mixture-of-Experts Language Models},
  url           = {https://arxiv.org/abs/2401.06066},
  year          = {2024}
}
@misc{deepseekai2024deepseekv2strongeconomicalefficient,
  archiveprefix = {arXiv},
  author        = {DeepSeek-AI and Aixin Liu and Bei Feng and Bin Wang and Bingxuan Wang and Bo Liu and Chenggang Zhao and Chengqi Dengr and Chong Ruan and Damai Dai and Daya Guo and Dejian Yang and Deli Chen and Dongjie Ji and Erhang Li and Fangyun Lin and Fuli Luo and Guangbo Hao and Guanting Chen and Guowei Li and H. Zhang and Hanwei Xu and Hao Yang and Haowei Zhang and Honghui Ding and Huajian Xin and Huazuo Gao and Hui Li and Hui Qu and J. L. Cai and Jian Liang and Jianzhong Guo and Jiaqi Ni and Jiashi Li and Jin Chen and Jingyang Yuan and Junjie Qiu and Junxiao Song and Kai Dong and Kaige Gao and Kang Guan and Lean Wang and Lecong Zhang and Lei Xu and Leyi Xia and Liang Zhao and Liyue Zhang and Meng Li and Miaojun Wang and Mingchuan Zhang and Minghua Zhang and Minghui Tang and Mingming Li and Ning Tian and Panpan Huang and Peiyi Wang and Peng Zhang and Qihao Zhu and Qinyu Chen and Qiushi Du and R. J. Chen and R. L. Jin and Ruiqi Ge and Ruizhe Pan and Runxin Xu and Ruyi Chen and S. S. Li and Shanghao Lu and Shangyan Zhou and Shanhuang Chen and Shaoqing Wu and Shengfeng Ye and Shirong Ma and Shiyu Wang and Shuang Zhou and Shuiping Yu and Shunfeng Zhou and Size Zheng and T. Wang and Tian Pei and Tian Yuan and Tianyu Sun and W. L. Xiao and Wangding Zeng and Wei An and Wen Liu and Wenfeng Liang and Wenjun Gao and Wentao Zhang and X. Q. Li and Xiangyue Jin and Xianzu Wang and Xiao Bi and Xiaodong Liu and Xiaohan Wang and Xiaojin Shen and Xiaokang Chen and Xiaosha Chen and Xiaotao Nie and Xiaowen Sun and Xiaoxiang Wang and Xin Liu and Xin Xie and Xingkai Yu and Xinnan Song and Xinyi Zhou and Xinyu Yang and Xuan Lu and Xuecheng Su and Y. Wu and Y. K. Li and Y. X. Wei and Y. X. Zhu and Yanhong Xu and Yanping Huang and Yao Li and Yao Zhao and Yaofeng Sun and Yaohui Li and Yaohui Wang and Yi Zheng and Yichao Zhang and Yiliang Xiong and Yilong Zhao and Ying He and Ying Tang and Yishi Piao and Yixin Dong and Yixuan Tan and Yiyuan Liu and Yongji Wang and Yongqiang Guo and Yuchen Zhu and Yuduan Wang and Yuheng Zou and Yukun Zha and Yunxian Ma and Yuting Yan and Yuxiang You and Yuxuan Liu and Z. Z. Ren and Zehui Ren and Zhangli Sha and Zhe Fu and Zhen Huang and Zhen Zhang and Zhenda Xie and Zhewen Hao and Zhihong Shao and Zhiniu Wen and Zhipeng Xu and Zhongyu Zhang and Zhuoshu Li and Zihan Wang and Zihui Gu and Zilin Li and Ziwei Xie},
  eprint        = {2405.04434},
  primaryclass  = {cs.CL},
  title         = {DeepSeek-V2: A Strong, Economical, and Efficient Mixture-of-Experts Language Model},
  url           = {https://arxiv.org/abs/2405.04434},
  year          = {2024}
}


@misc{deepseekai2025deepseekr1incentivizingreasoningcapability,
  archiveprefix = {arXiv},
  author        = {DeepSeek-AI and Daya Guo and Dejian Yang and Haowei Zhang and Junxiao Song and Ruoyu Zhang and Runxin Xu and Qihao Zhu and Shirong Ma and Peiyi Wang and Xiao Bi and Xiaokang Zhang and Xingkai Yu and Yu Wu and Z. F. Wu and Zhibin Gou and Zhihong Shao and Zhuoshu Li and Ziyi Gao and Aixin Liu and Bing Xue and Bingxuan Wang and Bochao Wu and Bei Feng and Chengda Lu and Chenggang Zhao and Chengqi Deng and Chenyu Zhang and Chong Ruan and Damai Dai and Deli Chen and Dongjie Ji and Erhang Li and Fangyun Lin and Fucong Dai and Fuli Luo and Guangbo Hao and Guanting Chen and Guowei Li and H. Zhang and Han Bao and Hanwei Xu and Haocheng Wang and Honghui Ding and Huajian Xin and Huazuo Gao and Hui Qu and Hui Li and Jianzhong Guo and Jiashi Li and Jiawei Wang and Jingchang Chen and Jingyang Yuan and Junjie Qiu and Junlong Li and J. L. Cai and Jiaqi Ni and Jian Liang and Jin Chen and Kai Dong and Kai Hu and Kaige Gao and Kang Guan and Kexin Huang and Kuai Yu and Lean Wang and Lecong Zhang and Liang Zhao and Litong Wang and Liyue Zhang and Lei Xu and Leyi Xia and Mingchuan Zhang and Minghua Zhang and Minghui Tang and Meng Li and Miaojun Wang and Mingming Li and Ning Tian and Panpan Huang and Peng Zhang and Qiancheng Wang and Qinyu Chen and Qiushi Du and Ruiqi Ge and Ruisong Zhang and Ruizhe Pan and Runji Wang and R. J. Chen and R. L. Jin and Ruyi Chen and Shanghao Lu and Shangyan Zhou and Shanhuang Chen and Shengfeng Ye and Shiyu Wang and Shuiping Yu and Shunfeng Zhou and Shuting Pan and S. S. Li and Shuang Zhou and Shaoqing Wu and Shengfeng Ye and Tao Yun and Tian Pei and Tianyu Sun and T. Wang and Wangding Zeng and Wanjia Zhao and Wen Liu and Wenfeng Liang and Wenjun Gao and Wenqin Yu and Wentao Zhang and W. L. Xiao and Wei An and Xiaodong Liu and Xiaohan Wang and Xiaokang Chen and Xiaotao Nie and Xin Cheng and Xin Liu and Xin Xie and Xingchao Liu and Xinyu Yang and Xinyuan Li and Xuecheng Su and Xuheng Lin and X. Q. Li and Xiangyue Jin and Xiaojin Shen and Xiaosha Chen and Xiaowen Sun and Xiaoxiang Wang and Xinnan Song and Xinyi Zhou and Xianzu Wang and Xinxia Shan and Y. K. Li and Y. Q. Wang and Y. X. Wei and Yang Zhang and Yanhong Xu and Yao Li and Yao Zhao and Yaofeng Sun and Yaohui Wang and Yi Yu and Yichao Zhang and Yifan Shi and Yiliang Xiong and Ying He and Yishi Piao and Yisong Wang and Yixuan Tan and Yiyang Ma and Yiyuan Liu and Yongqiang Guo and Yuan Ou and Yuduan Wang and Yue Gong and Yuheng Zou and Yujia He and Yunfan Xiong and Yuxiang Luo and Yuxiang You and Yuxuan Liu and Yuyang Zhou and Y. X. Zhu and Yanhong Xu and Yanping Huang and Yaohui Li and Yi Zheng and Yuchen Zhu and Yunxian Ma and Ying Tang and Yukun Zha and Yuting Yan and Z. Z. Ren and Zehui Ren and Zhangli Sha and Zhe Fu and Zhean Xu and Zhenda Xie and Zhengyan Zhang and Zhewen Hao and Zhicheng Ma and Zhigang Yan and Zhiyu Wu and Zihui Gu and Zijia Zhu and Zijun Liu and Zilin Li and Ziwei Xie and Ziyang Song and Zizheng Pan and Zhen Huang and Zhipeng Xu and Zhongyu Zhang and Zhen Zhang},
  eprint        = {2501.12948},
  primaryclass  = {cs.CL},
  title         = {DeepSeek-R1: Incentivizing Reasoning Capability in LLMs via Reinforcement Learning},
  url           = {https://arxiv.org/abs/2501.12948},
  year          = {2025}
}

@misc{deepseekai2025deepseekv3technicalreport,
  archiveprefix = {arXiv},
  author        = {DeepSeek-AI and Aixin Liu and Bei Feng and Bing Xue and Bingxuan Wang and Bochao Wu and Chengda Lu and Chenggang Zhao and Chengqi Deng and Chenyu Zhang and Chong Ruan and Damai Dai and Daya Guo and Dejian Yang and Deli Chen and Dongjie Ji and Erhang Li and Fangyun Lin and Fucong Dai and Fuli Luo and Guangbo Hao and Guanting Chen and Guowei Li and H. Zhang and Han Bao and Hanwei Xu and Haocheng Wang and Haowei Zhang and Honghui Ding and Huajian Xin and Huazuo Gao and Hui Li and Hui Qu and J. L. Cai and Jian Liang and Jianzhong Guo and Jiaqi Ni and Jiashi Li and Jiawei Wang and Jin Chen and Jingchang Chen and Jingyang Yuan and Junjie Qiu and Junlong Li and Junxiao Song and Kai Dong and Kai Hu and Kaige Gao and Kang Guan and Kexin Huang and Kuai Yu and Lean Wang and Lecong Zhang and Lei Xu and Leyi Xia and Liang Zhao and Litong Wang and Liyue Zhang and Meng Li and Miaojun Wang and Mingchuan Zhang and Minghua Zhang and Minghui Tang and Mingming Li and Ning Tian and Panpan Huang and Peiyi Wang and Peng Zhang and Qiancheng Wang and Qihao Zhu and Qinyu Chen and Qiushi Du and R. J. Chen and R. L. Jin and Ruiqi Ge and Ruisong Zhang and Ruizhe Pan and Runji Wang and Runxin Xu and Ruoyu Zhang and Ruyi Chen and S. S. Li and Shanghao Lu and Shangyan Zhou and Shanhuang Chen and Shaoqing Wu and Shengfeng Ye and Shengfeng Ye and Shirong Ma and Shiyu Wang and Shuang Zhou and Shuiping Yu and Shunfeng Zhou and Shuting Pan and T. Wang and Tao Yun and Tian Pei and Tianyu Sun and W. L. Xiao and Wangding Zeng and Wanjia Zhao and Wei An and Wen Liu and Wenfeng Liang and Wenjun Gao and Wenqin Yu and Wentao Zhang and X. Q. Li and Xiangyue Jin and Xianzu Wang and Xiao Bi and Xiaodong Liu and Xiaohan Wang and Xiaojin Shen and Xiaokang Chen and Xiaokang Zhang and Xiaosha Chen and Xiaotao Nie and Xiaowen Sun and Xiaoxiang Wang and Xin Cheng and Xin Liu and Xin Xie and Xingchao Liu and Xingkai Yu and Xinnan Song and Xinxia Shan and Xinyi Zhou and Xinyu Yang and Xinyuan Li and Xuecheng Su and Xuheng Lin and Y. K. Li and Y. Q. Wang and Y. X. Wei and Y. X. Zhu and Yang Zhang and Yanhong Xu and Yanhong Xu and Yanping Huang and Yao Li and Yao Zhao and Yaofeng Sun and Yaohui Li and Yaohui Wang and Yi Yu and Yi Zheng and Yichao Zhang and Yifan Shi and Yiliang Xiong and Ying He and Ying Tang and Yishi Piao and Yisong Wang and Yixuan Tan and Yiyang Ma and Yiyuan Liu and Yongqiang Guo and Yu Wu and Yuan Ou and Yuchen Zhu and Yuduan Wang and Yue Gong and Yuheng Zou and Yujia He and Yukun Zha and Yunfan Xiong and Yunxian Ma and Yuting Yan and Yuxiang Luo and Yuxiang You and Yuxuan Liu and Yuyang Zhou and Z. F. Wu and Z. Z. Ren and Zehui Ren and Zhangli Sha and Zhe Fu and Zhean Xu and Zhen Huang and Zhen Zhang and Zhenda Xie and Zhengyan Zhang and Zhewen Hao and Zhibin Gou and Zhicheng Ma and Zhigang Yan and Zhihong Shao and Zhipeng Xu and Zhiyu Wu and Zhongyu Zhang and Zhuoshu Li and Zihui Gu and Zijia Zhu and Zijun Liu and Zilin Li and Ziwei Xie and Ziyang Song and Ziyi Gao and Zizheng Pan},
  eprint        = {2412.19437},
  primaryclass  = {cs.CL},
  title         = {DeepSeek-V3 Technical Report},
  url           = {https://arxiv.org/abs/2412.19437},
  year          = {2025}
}

@misc{embodimentcollaboration2024openxembodimentroboticlearning,
  archiveprefix = {arXiv},
  author        = {Embodiment Collaboration and Abby O'Neill and Abdul Rehman and Abhinav Gupta and Abhiram Maddukuri and Abhishek Gupta and Abhishek Padalkar and Abraham Lee and Acorn Pooley and Agrim Gupta and Ajay Mandlekar and Ajinkya Jain and Albert Tung and Alex Bewley and Alex Herzog and Alex Irpan and Alexander Khazatsky and Anant Rai and Anchit Gupta and Andrew Wang and Andrey Kolobov and Anikait Singh and Animesh Garg and Aniruddha Kembhavi and Annie Xie and Anthony Brohan and Antonin Raffin and Archit Sharma and Arefeh Yavary and Arhan Jain and Ashwin Balakrishna and Ayzaan Wahid and Ben Burgess-Limerick and Beomjoon Kim and Bernhard Schölkopf and Blake Wulfe and Brian Ichter and Cewu Lu and Charles Xu and Charlotte Le and Chelsea Finn and Chen Wang and Chenfeng Xu and Cheng Chi and Chenguang Huang and Christine Chan and Christopher Agia and Chuer Pan and Chuyuan Fu and Coline Devin and Danfei Xu and Daniel Morton and Danny Driess and Daphne Chen and Deepak Pathak and Dhruv Shah and Dieter Büchler and Dinesh Jayaraman and Dmitry Kalashnikov and Dorsa Sadigh and Edward Johns and Ethan Foster and Fangchen Liu and Federico Ceola and Fei Xia and Feiyu Zhao and Felipe Vieira Frujeri and Freek Stulp and Gaoyue Zhou and Gaurav S. Sukhatme and Gautam Salhotra and Ge Yan and Gilbert Feng and Giulio Schiavi and Glen Berseth and Gregory Kahn and Guangwen Yang and Guanzhi Wang and Hao Su and Hao-Shu Fang and Haochen Shi and Henghui Bao and Heni Ben Amor and Henrik I Christensen and Hiroki Furuta and Homanga Bharadhwaj and Homer Walke and Hongjie Fang and Huy Ha and Igor Mordatch and Ilija Radosavovic and Isabel Leal and Jacky Liang and Jad Abou-Chakra and Jaehyung Kim and Jaimyn Drake and Jan Peters and Jan Schneider and Jasmine Hsu and Jay Vakil and Jeannette Bohg and Jeffrey Bingham and Jeffrey Wu and Jensen Gao and Jiaheng Hu and Jiajun Wu and Jialin Wu and Jiankai Sun and Jianlan Luo and Jiayuan Gu and Jie Tan and Jihoon Oh and Jimmy Wu and Jingpei Lu and Jingyun Yang and Jitendra Malik and João Silvério and Joey Hejna and Jonathan Booher and Jonathan Tompson and Jonathan Yang and Jordi Salvador and Joseph J. Lim and Junhyek Han and Kaiyuan Wang and Kanishka Rao and Karl Pertsch and Karol Hausman and Keegan Go and Keerthana Gopalakrishnan and Ken Goldberg and Kendra Byrne and Kenneth Oslund and Kento Kawaharazuka and Kevin Black and Kevin Lin and Kevin Zhang and Kiana Ehsani and Kiran Lekkala and Kirsty Ellis and Krishan Rana and Krishnan Srinivasan and Kuan Fang and Kunal Pratap Singh and Kuo-Hao Zeng and Kyle Hatch and Kyle Hsu and Laurent Itti and Lawrence Yunliang Chen and Lerrel Pinto and Li Fei-Fei and Liam Tan and Linxi "Jim" Fan and Lionel Ott and Lisa Lee and Luca Weihs and Magnum Chen and Marion Lepert and Marius Memmel and Masayoshi Tomizuka and Masha Itkina and Mateo Guaman Castro and Max Spero and Maximilian Du and Michael Ahn and Michael C. Yip and Mingtong Zhang and Mingyu Ding and Minho Heo and Mohan Kumar Srirama and Mohit Sharma and Moo Jin Kim and Naoaki Kanazawa and Nicklas Hansen and Nicolas Heess and Nikhil J Joshi and Niko Suenderhauf and Ning Liu and Norman Di Palo and Nur Muhammad Mahi Shafiullah and Oier Mees and Oliver Kroemer and Osbert Bastani and Pannag R Sanketi and Patrick "Tree" Miller and Patrick Yin and Paul Wohlhart and Peng Xu and Peter David Fagan and Peter Mitrano and Pierre Sermanet and Pieter Abbeel and Priya Sundaresan and Qiuyu Chen and Quan Vuong and Rafael Rafailov and Ran Tian and Ria Doshi and Roberto Mart'in-Mart'in and Rohan Baijal and Rosario Scalise and Rose Hendrix and Roy Lin and Runjia Qian and Ruohan Zhang and Russell Mendonca and Rutav Shah and Ryan Hoque and Ryan Julian and Samuel Bustamante and Sean Kirmani and Sergey Levine and Shan Lin and Sherry Moore and Shikhar Bahl and Shivin Dass and Shubham Sonawani and Shubham Tulsiani and Shuran Song and Sichun Xu and Siddhant Haldar and Siddharth Karamcheti and Simeon Adebola and Simon Guist and Soroush Nasiriany and Stefan Schaal and Stefan Welker and Stephen Tian and Subramanian Ramamoorthy and Sudeep Dasari and Suneel Belkhale and Sungjae Park and Suraj Nair and Suvir Mirchandani and Takayuki Osa and Tanmay Gupta and Tatsuya Harada and Tatsuya Matsushima and Ted Xiao and Thomas Kollar and Tianhe Yu and Tianli Ding and Todor Davchev and Tony Z. Zhao and Travis Armstrong and Trevor Darrell and Trinity Chung and Vidhi Jain and Vikash Kumar and Vincent Vanhoucke and Wei Zhan and Wenxuan Zhou and Wolfram Burgard and Xi Chen and Xiangyu Chen and Xiaolong Wang and Xinghao Zhu and Xinyang Geng and Xiyuan Liu and Xu Liangwei and Xuanlin Li and Yansong Pang and Yao Lu and Yecheng Jason Ma and Yejin Kim and Yevgen Chebotar and Yifan Zhou and Yifeng Zhu and Yilin Wu and Ying Xu and Yixuan Wang and Yonatan Bisk and Yongqiang Dou and Yoonyoung Cho and Youngwoon Lee and Yuchen Cui and Yue Cao and Yueh-Hua Wu and Yujin Tang and Yuke Zhu and Yunchu Zhang and Yunfan Jiang and Yunshuang Li and Yunzhu Li and Yusuke Iwasawa and Yutaka Matsuo and Zehan Ma and Zhuo Xu and Zichen Jeff Cui and Zichen Zhang and Zipeng Fu and Zipeng Lin},
  eprint        = {2310.08864},
  primaryclass  = {cs.RO},
  title         = {Open X-Embodiment: Robotic Learning Datasets and RT-X Models},
  url           = {https://arxiv.org/abs/2310.08864},
  year          = {2024}
}

@misc{geminiroboticsteam2025geminiroboticsbringingai,
  archiveprefix = {arXiv},
  author        = {Gemini Robotics Team and Saminda Abeyruwan and Joshua Ainslie and Jean-Baptiste Alayrac and Montserrat Gonzalez Arenas and Travis Armstrong and Ashwin Balakrishna and Robert Baruch and Maria Bauza and Michiel Blokzijl and Steven Bohez and Konstantinos Bousmalis and Anthony Brohan and Thomas Buschmann and Arunkumar Byravan and Serkan Cabi and Ken Caluwaerts and Federico Casarini and Oscar Chang and Jose Enrique Chen and Xi Chen and Hao-Tien Lewis Chiang and Krzysztof Choromanski and David D'Ambrosio and Sudeep Dasari and Todor Davchev and Coline Devin and Norman Di Palo and Tianli Ding and Adil Dostmohamed and Danny Driess and Yilun Du and Debidatta Dwibedi and Michael Elabd and Claudio Fantacci and Cody Fong and Erik Frey and Chuyuan Fu and Marissa Giustina and Keerthana Gopalakrishnan and Laura Graesser and Leonard Hasenclever and Nicolas Heess and Brandon Hernaez and Alexander Herzog and R. Alex Hofer and Jan Humplik and Atil Iscen and Mithun George Jacob and Deepali Jain and Ryan Julian and Dmitry Kalashnikov and M. Emre Karagozler and Stefani Karp and Chase Kew and Jerad Kirkland and Sean Kirmani and Yuheng Kuang and Thomas Lampe and Antoine Laurens and Isabel Leal and Alex X. Lee and Tsang-Wei Edward Lee and Jacky Liang and Yixin Lin and Sharath Maddineni and Anirudha Majumdar and Assaf Hurwitz Michaely and Robert Moreno and Michael Neunert and Francesco Nori and Carolina Parada and Emilio Parisotto and Peter Pastor and Acorn Pooley and Kanishka Rao and Krista Reymann and Dorsa Sadigh and Stefano Saliceti and Pannag Sanketi and Pierre Sermanet and Dhruv Shah and Mohit Sharma and Kathryn Shea and Charles Shu and Vikas Sindhwani and Sumeet Singh and Radu Soricut and Jost Tobias Springenberg and Rachel Sterneck and Razvan Surdulescu and Jie Tan and Jonathan Tompson and Vincent Vanhoucke and Jake Varley and Grace Vesom and Giulia Vezzani and Oriol Vinyals and Ayzaan Wahid and Stefan Welker and Paul Wohlhart and Fei Xia and Ted Xiao and Annie Xie and Jinyu Xie and Peng Xu and Sichun Xu and Ying Xu and Zhuo Xu and Yuxiang Yang and Rui Yao and Sergey Yaroshenko and Wenhao Yu and Wentao Yuan and Jingwei Zhang and Tingnan Zhang and Allan Zhou and Yuxiang Zhou},
  eprint        = {2503.20020},
  primaryclass  = {cs.RO},
  title         = {Gemini Robotics: Bringing AI into the Physical World},
  url           = {https://arxiv.org/abs/2503.20020},
  year          = {2025}
}

@software{Genesis,
  author = {Genesis Authors},
  month  = {December},
  title  = {Genesis: A Universal and Generative Physics Engine for Robotics and Beyond},
  url    = {https://github.com/Genesis-Embodied-AI/Genesis},
  year   = {2024}
}
@misc{huggingface2025o3mini,
  author = {Prithiv Sakthi},
  note   = {Accessed: 2025-04-10},
  title  = {o3-mini and DeepSeek R1},
  url    = {https://huggingface.co/blog/prithivMLmods/o3-mini-deepseek-and-r1},
  year   = {2025}
}

@book{Kahneman:2011fj,
  added-at      = {2016-11-26T13:19:29.000+0100},
  author        = {Kahneman, Daniel},
  biburl        = {https://www.bibsonomy.org/bibtex/2c6ab2fa616e40cc280ac0c905eac02a0/machinelearning},
  date-added    = {2015-03-16 15:37:14 +0000},
  date-modified = {2015-03-16 15:37:14 +0000},
  interhash     = {a1400a299a00de009ec8eda73e6289af},
  intrahash     = {c6ab2fa616e40cc280ac0c905eac02a0},
  keywords      = {imported ml},
  publisher     = {Allen Lane},
  timestamp     = {2016-11-26T13:20:49.000+0100},
  title         = {Thinking, Fast and Slow},
  year          = 2011
}

@misc{kim2024openvlaopensourcevisionlanguageactionmodel,
  archiveprefix = {arXiv},
  author        = {Moo Jin Kim and Karl Pertsch and Siddharth Karamcheti and Ted Xiao and Ashwin Balakrishna and Suraj Nair and Rafael Rafailov and Ethan Foster and Grace Lam and Pannag Sanketi and Quan Vuong and Thomas Kollar and Benjamin Burchfiel and Russ Tedrake and Dorsa Sadigh and Sergey Levine and Percy Liang and Chelsea Finn},
  eprint        = {2406.09246},
  primaryclass  = {cs.RO},
  title         = {OpenVLA: An Open-Source Vision-Language-Action Model},
  url           = {https://arxiv.org/abs/2406.09246},
  year          = {2024}
}

@misc{kolve2022ai2thorinteractive3denvironment,
  archiveprefix = {arXiv},
  author        = {Eric Kolve and Roozbeh Mottaghi and Winson Han and Eli VanderBilt and Luca Weihs and Alvaro Herrasti and Matt Deitke and Kiana Ehsani and Daniel Gordon and Yuke Zhu and Aniruddha Kembhavi and Abhinav Gupta and Ali Farhadi},
  eprint        = {1712.05474},
  primaryclass  = {cs.CV},
  title         = {AI2-THOR: An Interactive 3D Environment for Visual AI},
  url           = {https://arxiv.org/abs/1712.05474},
  year          = {2022}
}

@misc{liu2024mathbenchevaluatingtheoryapplication,
  archiveprefix = {arXiv},
  author        = {Hongwei Liu and Zilong Zheng and Yuxuan Qiao and Haodong Duan and Zhiwei Fei and Fengzhe Zhou and Wenwei Zhang and Songyang Zhang and Dahua Lin and Kai Chen},
  eprint        = {2405.12209},
  primaryclass  = {cs.CL},
  title         = {MathBench: Evaluating the Theory and Application Proficiency of LLMs with a Hierarchical Mathematics Benchmark},
  url           = {https://arxiv.org/abs/2405.12209},
  year          = {2024}
}

@misc{liu2025rdt1bdiffusionfoundationmodel,
  archiveprefix = {arXiv},
  author        = {Songming Liu and Lingxuan Wu and Bangguo Li and Hengkai Tan and Huayu Chen and Zhengyi Wang and Ke Xu and Hang Su and Jun Zhu},
  eprint        = {2410.07864},
  primaryclass  = {cs.RO},
  title         = {RDT-1B: a Diffusion Foundation Model for Bimanual Manipulation},
  url           = {https://arxiv.org/abs/2410.07864},
  year          = {2025}
}

@article{mittal2023orbit,
  author  = {Mittal, Mayank and Yu, Calvin and Yu, Qinxi and Liu, Jingzhou and Rudin, Nikita and Hoeller, David and Yuan, Jia Lin and Singh, Ritvik and Guo, Yunrong and Mazhar, Hammad and Mandlekar, Ajay and Babich, Buck and State, Gavriel and Hutter, Marco and Garg, Animesh},
  doi     = {10.1109/LRA.2023.3270034},
  journal = {IEEE Robotics and Automation Letters},
  number  = {6},
  pages   = {3740-3747},
  title   = {Orbit: A Unified Simulation Framework for Interactive Robot Learning Environments},
  volume  = {8},
  year    = {2023}
}
@book{Mittelbach2004,
  author    = {Frank Mittelbach and Michel Goossens},
  edition   = {Second},
  isbn      = {0-201-36299-6},
  publisher = {Addison--Wesley},
  title     = {The \LaTeX\ Companion},
  year      = {2004}
}
@misc{mu2021maniskillgeneralizablemanipulationskill,
  archiveprefix = {arXiv},
  author        = {Tongzhou Mu and Zhan Ling and Fanbo Xiang and Derek Yang and Xuanlin Li and Stone Tao and Zhiao Huang and Zhiwei Jia and Hao Su},
  eprint        = {2107.14483},
  primaryclass  = {cs.LG},
  title         = {ManiSkill: Generalizable Manipulation Skill Benchmark with Large-Scale Demonstrations},
  url           = {https://arxiv.org/abs/2107.14483},
  year          = {2021}
}
@misc{octomodelteam2024octoopensourcegeneralistrobot,
  archiveprefix = {arXiv},
  author        = {Octo Model Team and Dibya Ghosh and Homer Walke and Karl Pertsch and Kevin Black and Oier Mees and Sudeep Dasari and Joey Hejna and Tobias Kreiman and Charles Xu and Jianlan Luo and You Liang Tan and Lawrence Yunliang Chen and Pannag Sanketi and Quan Vuong and Ted Xiao and Dorsa Sadigh and Chelsea Finn and Sergey Levine},
  eprint        = {2405.12213},
  primaryclass  = {cs.RO},
  title         = {Octo: An Open-Source Generalist Robot Policy},
  url           = {https://arxiv.org/abs/2405.12213},
  year          = {2024}
}

@misc{openai2024gpt4ocard,
  archiveprefix = {arXiv},
  author        = {OpenAI Team},
  eprint        = {2410.21276},
  primaryclass  = {cs.CL},
  title         = {GPT-4o System Card},
  url           = {https://arxiv.org/abs/2410.21276},
  year          = {2024}
}

@misc{openai2024openaio1card,
  archiveprefix = {arXiv},
  author        = {OpenAI and : and Aaron Jaech and Adam Kalai and Adam Lerer and Adam Richardson and Ahmed El-Kishky and Aiden Low and Alec Helyar and Aleksander Madry and Alex Beutel and Alex Carney and Alex Iftimie and Alex Karpenko and Alex Tachard Passos and Alexander Neitz and Alexander Prokofiev and Alexander Wei and Allison Tam and Ally Bennett and Ananya Kumar and Andre Saraiva and Andrea Vallone and Andrew Duberstein and Andrew Kondrich and Andrey Mishchenko and Andy Applebaum and Angela Jiang and Ashvin Nair and Barret Zoph and Behrooz Ghorbani and Ben Rossen and Benjamin Sokolowsky and Boaz Barak and Bob McGrew and Borys Minaiev and Botao Hao and Bowen Baker and Brandon Houghton and Brandon McKinzie and Brydon Eastman and Camillo Lugaresi and Cary Bassin and Cary Hudson and Chak Ming Li and Charles de Bourcy and Chelsea Voss and Chen Shen and Chong Zhang and Chris Koch and Chris Orsinger and Christopher Hesse and Claudia Fischer and Clive Chan and Dan Roberts and Daniel Kappler and Daniel Levy and Daniel Selsam and David Dohan and David Farhi and David Mely and David Robinson and Dimitris Tsipras and Doug Li and Dragos Oprica and Eben Freeman and Eddie Zhang and Edmund Wong and Elizabeth Proehl and Enoch Cheung and Eric Mitchell and Eric Wallace and Erik Ritter and Evan Mays and Fan Wang and Felipe Petroski Such and Filippo Raso and Florencia Leoni and Foivos Tsimpourlas and Francis Song and Fred von Lohmann and Freddie Sulit and Geoff Salmon and Giambattista Parascandolo and Gildas Chabot and Grace Zhao and Greg Brockman and Guillaume Leclerc and Hadi Salman and Haiming Bao and Hao Sheng and Hart Andrin and Hessam Bagherinezhad and Hongyu Ren and Hunter Lightman and Hyung Won Chung and Ian Kivlichan and Ian O'Connell and Ian Osband and Ignasi Clavera Gilaberte and Ilge Akkaya and Ilya Kostrikov and Ilya Sutskever and Irina Kofman and Jakub Pachocki and James Lennon and Jason Wei and Jean Harb and Jerry Twore and Jiacheng Feng and Jiahui Yu and Jiayi Weng and Jie Tang and Jieqi Yu and Joaquin Quiñonero Candela and Joe Palermo and Joel Parish and Johannes Heidecke and John Hallman and John Rizzo and Jonathan Gordon and Jonathan Uesato and Jonathan Ward and Joost Huizinga and Julie Wang and Kai Chen and Kai Xiao and Karan Singhal and Karina Nguyen and Karl Cobbe and Katy Shi and Kayla Wood and Kendra Rimbach and Keren Gu-Lemberg and Kevin Liu and Kevin Lu and Kevin Stone and Kevin Yu and Lama Ahmad and Lauren Yang and Leo Liu and Leon Maksin and Leyton Ho and Liam Fedus and Lilian Weng and Linden Li and Lindsay McCallum and Lindsey Held and Lorenz Kuhn and Lukas Kondraciuk and Lukasz Kaiser and Luke Metz and Madelaine Boyd and Maja Trebacz and Manas Joglekar and Mark Chen and Marko Tintor and Mason Meyer and Matt Jones and Matt Kaufer and Max Schwarzer and Meghan Shah and Mehmet Yatbaz and Melody Y. Guan and Mengyuan Xu and Mengyuan Yan and Mia Glaese and Mianna Chen and Michael Lampe and Michael Malek and Michele Wang and Michelle Fradin and Mike McClay and Mikhail Pavlov and Miles Wang and Mingxuan Wang and Mira Murati and Mo Bavarian and Mostafa Rohaninejad and Nat McAleese and Neil Chowdhury and Neil Chowdhury and Nick Ryder and Nikolas Tezak and Noam Brown and Ofir Nachum and Oleg Boiko and Oleg Murk and Olivia Watkins and Patrick Chao and Paul Ashbourne and Pavel Izmailov and Peter Zhokhov and Rachel Dias and Rahul Arora and Randall Lin and Rapha Gontijo Lopes and Raz Gaon and Reah Miyara and Reimar Leike and Renny Hwang and Rhythm Garg and Robin Brown and Roshan James and Rui Shu and Ryan Cheu and Ryan Greene and Saachi Jain and Sam Altman and Sam Toizer and Sam Toyer and Samuel Miserendino and Sandhini Agarwal and Santiago Hernandez and Sasha Baker and Scott McKinney and Scottie Yan and Shengjia Zhao and Shengli Hu and Shibani Santurkar and Shraman Ray Chaudhuri and Shuyuan Zhang and Siyuan Fu and Spencer Papay and Steph Lin and Suchir Balaji and Suvansh Sanjeev and Szymon Sidor and Tal Broda and Aidan Clark and Tao Wang and Taylor Gordon and Ted Sanders and Tejal Patwardhan and Thibault Sottiaux and Thomas Degry and Thomas Dimson and Tianhao Zheng and Timur Garipov and Tom Stasi and Trapit Bansal and Trevor Creech and Troy Peterson and Tyna Eloundou and Valerie Qi and Vineet Kosaraju and Vinnie Monaco and Vitchyr Pong and Vlad Fomenko and Weiyi Zheng and Wenda Zhou and Wes McCabe and Wojciech Zaremba and Yann Dubois and Yinghai Lu and Yining Chen and Young Cha and Yu Bai and Yuchen He and Yuchen Zhang and Yunyun Wang and Zheng Shao and Zhuohan Li},
  eprint        = {2412.16720},
  primaryclass  = {cs.AI},
  title         = {OpenAI o1 System Card},
  url           = {https://arxiv.org/abs/2412.16720},
  year          = {2024}
}

@misc{pkg-geometry,
  author       = {Hideo Umeki},
  howpublished = {\url{http://ctan.org/pkg/geometry}},
  month        = dec,
  title        = {The \texttt{geometry} package},
  year         = {2008}
}

@misc{rein2023gpqagraduatelevelgoogleproofqa,
  archiveprefix = {arXiv},
  author        = {David Rein and Betty Li Hou and Asa Cooper Stickland and Jackson Petty and Richard Yuanzhe Pang and Julien Dirani and Julian Michael and Samuel R. Bowman},
  eprint        = {2311.12022},
  primaryclass  = {cs.AI},
  title         = {GPQA: A Graduate-Level Google-Proof Q\&A Benchmark},
  url           = {https://arxiv.org/abs/2311.12022},
  year          = {2023}
}
@inproceedings{robocasa2024,
  author    = {Soroush Nasiriany and Abhiram Maddukuri and Lance Zhang and Adeet Parikh and Aaron Lo and Abhishek Joshi and Ajay Mandlekar and Yuke Zhu},
  booktitle = {Robotics: Science and Systems (RSS)},
  title     = {RoboCasa: Large-Scale Simulation of Everyday Tasks for Generalist Robots},
  year      = {2024}
}

@misc{savva2019habitatplatformembodiedai,
  archiveprefix = {arXiv},
  author        = {Manolis Savva and Abhishek Kadian and Oleksandr Maksymets and Yili Zhao and Erik Wijmans and Bhavana Jain and Julian Straub and Jia Liu and Vladlen Koltun and Jitendra Malik and Devi Parikh and Dhruv Batra},
  eprint        = {1904.01201},
  primaryclass  = {cs.CV},
  title         = {Habitat: A Platform for Embodied AI Research},
  url           = {https://arxiv.org/abs/1904.01201},
  year          = {2019}
}

@misc{touvron2023llama2openfoundation,
  archiveprefix = {arXiv},
  author        = {Hugo Touvron and Louis Martin and Kevin Stone and Peter Albert and Amjad Almahairi and Yasmine Babaei and Nikolay Bashlykov and Soumya Batra and Prajjwal Bhargava and Shruti Bhosale and Dan Bikel and Lukas Blecher and Cristian Canton Ferrer and Moya Chen and Guillem Cucurull and David Esiobu and Jude Fernandes and Jeremy Fu and Wenyin Fu and Brian Fuller and Cynthia Gao and Vedanuj Goswami and Naman Goyal and Anthony Hartshorn and Saghar Hosseini and Rui Hou and Hakan Inan and Marcin Kardas and Viktor Kerkez and Madian Khabsa and Isabel Kloumann and Artem Korenev and Punit Singh Koura and Marie-Anne Lachaux and Thibaut Lavril and Jenya Lee and Diana Liskovich and Yinghai Lu and Yuning Mao and Xavier Martinet and Todor Mihaylov and Pushkar Mishra and Igor Molybog and Yixin Nie and Andrew Poulton and Jeremy Reizenstein and Rashi Rungta and Kalyan Saladi and Alan Schelten and Ruan Silva and Eric Michael Smith and Ranjan Subramanian and Xiaoqing Ellen Tan and Binh Tang and Ross Taylor and Adina Williams and Jian Xiang Kuan and Puxin Xu and Zheng Yan and Iliyan Zarov and Yuchen Zhang and Angela Fan and Melanie Kambadur and Sharan Narang and Aurelien Rodriguez and Robert Stojnic and Sergey Edunov and Thomas Scialom},
  eprint        = {2307.09288},
  primaryclass  = {cs.CL},
  title         = {Llama 2: Open Foundation and Fine-Tuned Chat Models},
  url           = {https://arxiv.org/abs/2307.09288},
  year          = {2023}
}

@book{Tufte1990,
  address   = {Cheshire, Connecticut},
  author    = {Edward R. Tufte},
  isbn      = {0-9613921-1-8},
  publisher = {Graphics Press},
  title     = {Envisioning Information},
  year      = {1990}
}

@book{Tufte1997,
  address   = {Cheshire, Connecticut},
  author    = {Edward R. Tufte},
  isbn      = {0-9613921-2-6},
  publisher = {Graphics Press},
  title     = {Visual Explanations},
  year      = {1997}
}

@book{Tufte2001,
  address   = {Cheshire, Connecticut},
  author    = {Edward R. Tufte},
  isbn      = {0-9613921-4-2},
  publisher = {Graphics Press},
  title     = {The Visual Display of Quantitative Information},
  year      = {2001}
}

@book{Tufte2006,
  author    = {Edward R. Tufte},
  edition   = {First},
  isbn      = {0-9613921-7-7},
  month     = {May},
  place     = {Cheshire, Connecticut},
  publisher = {Graphics Press, {LLC}},
  title     = {Beautiful Evidence},
  year      = {2006}
}


